@article{hist_lisp,
 author = {McCarthy, John},
 title = {History of LISP},
 journal = {SIGPLAN Not.},
 issue_date = {August 1978},
 volume = {13},
 number = {8},
 month = aug,
 year = {1978},
 issn = {0362-1340},
 pages = {217--223},
 numpages = {7},
 url = {http://doi.acm.org/10.1145/960118.808387},
 doi = {10.1145/960118.808387},
 acmid = {808387},
 publisher = {ACM},
 address = {New York, NY, USA},
}

@misc{tiobe_index,
  author = "TIOBE Software",
  title = "TIOBE Programming Community Index",
  url = "http://www.tiobe.com/index.php/content/paperinfo/tpci/index.html",
  year = 2012,
  month = "Jun",
  note = "Izgūts 2012. gada 9. jūnijā"
}
                  
@misc{clojure_org,
  author = "Hickey, Rick",
  title = "Rationale",
  url = "http://clojure.org/rationale",
  year = 2012,
  month = "Jun",
  note = "Izgūts 2012. gada 9. jūnijā"
}

@misc{scala_org,
  author = {{École Polytechnique Fédérale de Lausanne (EPFL), Lausanne, Switzerland}},
  title = "The Scala Programming Language",
  url = "http://www.scala-lang.org/node/25",
  year = 2008,
  month = "Jun",
  note = "Izgūts 2012. gada 9. jūnijā"
}

@misc{iso_cpp11,
  author = "ISO",
  title = {{ISO/IEC 14882:2011, Information technology -- Programming languages -- C++}},
  year = 2011,
  month = "Sep",
  note = "Chapter 5.1.2"
}

@misc{man_random,
  author = "Kerrisk, Michael",
  title = "Linux Programmer's Manual, RANDOM(4)",
  year = 2010,
  month = "Aug",
  url = "http://man7.org/linux/man-pages/man4/random.4.html",
  note = "Izgūts 2012. gada 9. jūnijā"
}

@misc{bench_game,
  author = "Fulgham, Brent",
  title = "Computer Language Benchmarks Game",
  year = 2012,
  month = "Jun",
  url = "http://shootout.alioth.debian.org/u64q/which-programming-languages-are-fastest.php#chart",
  note = "Izgūts 2012. gada 10. jūnijā. x64 Ubuntu on Intel Q6600 quad-core"
}

@misc{qsm_sloc_fp,
  author = "Quantitative Software Management Inc.",
  title = "Function Point Languages Table",
  year = 2012,
  month = "Jun",
  url = "http://www.qsm.com/resources/function-point-languages-table",
  note = "Izgūts 2012. gada 10. jūnijā"
}

@misc{mayes_sloc_fp,
  author = "Mayes Consulting LLC",
  title = "Function Point Languages Table",
  year = 2005,
  month = "Jan",
  url = "http://softwareestimator.com/IndustryData2.htm",
  note = "Izgūts 2012. gada 10. jūnijā"
}

@article{rng_miller_park,
 author = {Park, S. K. and Miller, K. W.},
 title = {Random number generators: good ones are hard to find},
 journal = {Commun. ACM},
 issue_date = {Oct. 1988},
 volume = {31},
 number = {10},
 month = oct,
 year = {1988},
 issn = {0001-0782},
 pages = {1192--1201},
 numpages = {10},
 url = {http://doi.acm.org/10.1145/63039.63042},
 doi = {10.1145/63039.63042},
 acmid = {63042},
 publisher = {ACM},
 address = {New York, NY, USA},
}

@article{rng_new_marsaglia,
  title={A new class of random number generators},
  author={Marsaglia, G. and Zaman, A.},
  journal={The Annals of Applied Probability},
  pages={462--480},
  year={1991},
  publisher={JSTOR}
}

@article{rng_mersenne,
  title={Mersenne twister: a 623-dimensionally equidistributed uniform pseudo-random number generator},
  author={Matsumoto, M. and Nishimura, T.},
  journal={ACM Transactions on Modeling and Computer Simulation (TOMACS)},
  volume={8},
  number={1},
  pages={3--30},
  year={1998},
  publisher={ACM}
}

@book{crevier_1993,
 author = {Crevier, Daniel},
 title = {AI: The Tumultuous History of the Search For Artificial Intelligence},
 year = {1993},
 isbn = {0-465-02997-3},
 publisher = {Basic Books, Inc.},
 address = {New York, NY, USA},
} 
